%YAML 1.1
%TAG !u! tag:unity3d.com,2011:
--- !u!1 &5636820790586874517
GameObject:
  m_ObjectHideFlags: 0
  m_CorrespondingSourceObject: {fileID: 0}
  m_PrefabInstance: {fileID: 0}
  m_PrefabAsset: {fileID: 0}
  serializedVersion: 6
  m_Component:
  - component: {fileID: 7662116622576302216}
  - component: {fileID: 7131356027655370623}
  - component: {fileID: 5430108522946817525}
  m_Layer: 0
  m_Name: TextMeshPro Text
  m_TagString: Untagged
  m_Icon: {fileID: 0}
  m_NavMeshLayer: 0
  m_StaticEditorFlags: 0
  m_IsActive: 1
--- !u!224 &7662116622576302216
RectTransform:
  m_ObjectHideFlags: 0
  m_CorrespondingSourceObject: {fileID: 0}
  m_PrefabInstance: {fileID: 0}
  m_PrefabAsset: {fileID: 0}
  m_GameObject: {fileID: 5636820790586874517}
  m_LocalRotation: {x: 0, y: 0, z: 0, w: 1}
  m_LocalPosition: {x: 0, y: 0, z: 0}
  m_LocalScale: {x: 1, y: 1, z: 1}
  m_Children: []
  m_Father: {fileID: 5922769000347813102}
  m_RootOrder: 0
  m_LocalEulerAnglesHint: {x: 0, y: 0, z: 0}
  m_AnchorMin: {x: 0, y: 0}
  m_AnchorMax: {x: 1, y: 1}
  m_AnchoredPosition: {x: -0.10999966, y: 0}
  m_SizeDelta: {x: -1.8999999, y: 0}
  m_Pivot: {x: 0.5, y: 0.5}
--- !u!222 &7131356027655370623
CanvasRenderer:
  m_ObjectHideFlags: 0
  m_CorrespondingSourceObject: {fileID: 0}
  m_PrefabInstance: {fileID: 0}
  m_PrefabAsset: {fileID: 0}
  m_GameObject: {fileID: 5636820790586874517}
  m_CullTransparentMesh: 0
--- !u!114 &5430108522946817525
MonoBehaviour:
  m_ObjectHideFlags: 0
  m_CorrespondingSourceObject: {fileID: 0}
  m_PrefabInstance: {fileID: 0}
  m_PrefabAsset: {fileID: 0}
  m_GameObject: {fileID: 5636820790586874517}
  m_Enabled: 1
  m_EditorHideFlags: 0
  m_Script: {fileID: 11500000, guid: f4688fdb7df04437aeb418b961361dc5, type: 3}
  m_Name: 
  m_EditorClassIdentifier: 
  m_Material: {fileID: 0}
  m_Color: {r: 1, g: 1, b: 1, a: 1}
  m_RaycastTarget: 1
  m_OnCullStateChanged:
    m_PersistentCalls:
      m_Calls: []
    m_TypeName: UnityEngine.UI.MaskableGraphic+CullStateChangedEvent, UnityEngine.UI,
      Version=1.0.0.0, Culture=neutral, PublicKeyToken=null
  m_text: Side turn lights
  m_isRightToLeft: 0
  m_fontAsset: {fileID: 11400000, guid: 161b487c85757424ca0e512987f6f6a1, type: 2}
  m_sharedMaterial: {fileID: 21825365536312970, guid: 161b487c85757424ca0e512987f6f6a1,
    type: 2}
  m_fontSharedMaterials: []
  m_fontMaterial: {fileID: 0}
  m_fontMaterials: []
  m_fontColor32:
    serializedVersion: 2
    rgba: 4278190080
  m_fontColor: {r: 0, g: 0, b: 0, a: 1}
  m_enableVertexGradient: 0
  m_colorMode: 3
  m_fontColorGradient:
    topLeft: {r: 1, g: 1, b: 1, a: 1}
    topRight: {r: 1, g: 1, b: 1, a: 1}
    bottomLeft: {r: 1, g: 1, b: 1, a: 1}
    bottomRight: {r: 1, g: 1, b: 1, a: 1}
  m_fontColorGradientPreset: {fileID: 0}
  m_spriteAsset: {fileID: 0}
  m_tintAllSprites: 0
  m_overrideHtmlColors: 0
  m_faceColor:
    serializedVersion: 2
    rgba: 4294967295
  m_outlineColor:
    serializedVersion: 2
    rgba: 4278190080
  m_fontSize: 4.6
  m_fontSizeBase: 4.6
  m_fontWeight: 400
  m_enableAutoSizing: 0
  m_fontSizeMin: 1
  m_fontSizeMax: 8
  m_fontStyle: 0
  m_textAlignment: 514
  m_isAlignmentEnumConverted: 1
  m_characterSpacing: 0
  m_wordSpacing: 0
  m_lineSpacing: 0
  m_lineSpacingMax: 0
  m_paragraphSpacing: 0
  m_charWidthMaxAdj: 0
  m_enableWordWrapping: 1
  m_wordWrappingRatios: 0.4
  m_overflowMode: 0
  m_firstOverflowCharacterIndex: -1
  m_linkedTextComponent: {fileID: 0}
  m_isLinkedTextComponent: 0
  m_isTextTruncated: 0
  m_enableKerning: 1
  m_enableExtraPadding: 0
  checkPaddingRequired: 0
  m_isRichText: 1
  m_parseCtrlCharacters: 1
  m_isOrthographic: 1
  m_isCullingEnabled: 0
  m_ignoreRectMaskCulling: 0
  m_ignoreCulling: 1
  m_horizontalMapping: 0
  m_verticalMapping: 0
  m_uvLineOffset: 0
  m_geometrySortingOrder: 0
  m_firstVisibleCharacter: 0
  m_useMaxVisibleDescender: 1
  m_pageToDisplay: 1
  m_margin: {x: 0, y: 0, z: 0, w: 0}
  m_textInfo:
    textComponent: {fileID: 5430108522946817525}
    characterCount: 16
    spriteCount: 0
    spaceCount: 2
    wordCount: 3
    linkCount: 0
    lineCount: 2
    pageCount: 1
    materialCount: 1
  m_havePropertiesChanged: 0
  m_isUsingLegacyAnimationComponent: 0
  m_isVolumetricText: 0
  m_spriteAnimator: {fileID: 0}
  m_isInputParsingRequired: 0
  m_inputSource: 0
  m_hasFontAssetChanged: 0
  m_subTextObjects:
  - {fileID: 0}
  - {fileID: 0}
  - {fileID: 0}
  - {fileID: 0}
  - {fileID: 0}
  - {fileID: 0}
  - {fileID: 0}
  - {fileID: 0}
  m_baseMaterial: {fileID: 0}
  m_maskOffset: {x: 0, y: 0, z: 0, w: 0}
--- !u!1 &6920934973488515494
GameObject:
  m_ObjectHideFlags: 0
  m_CorrespondingSourceObject: {fileID: 0}
  m_PrefabInstance: {fileID: 0}
  m_PrefabAsset: {fileID: 0}
  serializedVersion: 6
  m_Component:
  - component: {fileID: 5922769000347813102}
  - component: {fileID: 1201351465152508928}
  - component: {fileID: 4547428947308826545}
  - component: {fileID: 3855454636839751252}
  m_Layer: 0
  m_Name: Button (1)
  m_TagString: Untagged
  m_Icon: {fileID: 0}
  m_NavMeshLayer: 0
  m_StaticEditorFlags: 0
  m_IsActive: 1
--- !u!224 &5922769000347813102
RectTransform:
  m_ObjectHideFlags: 0
  m_CorrespondingSourceObject: {fileID: 0}
  m_PrefabInstance: {fileID: 0}
  m_PrefabAsset: {fileID: 0}
  m_GameObject: {fileID: 6920934973488515494}
  m_LocalRotation: {x: 0, y: 0, z: 0, w: 1}
  m_LocalPosition: {x: 0, y: 0, z: -0}
  m_LocalScale: {x: 1, y: 1, z: 1}
  m_Children:
  - {fileID: 7662116622576302216}
  m_Father: {fileID: 380379940431501149}
  m_RootOrder: 4
  m_LocalEulerAnglesHint: {x: 0, y: 0, z: 0}
  m_AnchorMin: {x: 0, y: 1}
  m_AnchorMax: {x: 0, y: 1}
  m_AnchoredPosition: {x: 46.699997, y: -35.02}
  m_SizeDelta: {x: 26.3, y: 18.29}
  m_Pivot: {x: 0.5, y: 0.5}
--- !u!222 &1201351465152508928
CanvasRenderer:
  m_ObjectHideFlags: 0
  m_CorrespondingSourceObject: {fileID: 0}
  m_PrefabInstance: {fileID: 0}
  m_PrefabAsset: {fileID: 0}
  m_GameObject: {fileID: 6920934973488515494}
  m_CullTransparentMesh: 0
--- !u!114 &4547428947308826545
MonoBehaviour:
  m_ObjectHideFlags: 0
  m_CorrespondingSourceObject: {fileID: 0}
  m_PrefabInstance: {fileID: 0}
  m_PrefabAsset: {fileID: 0}
  m_GameObject: {fileID: 6920934973488515494}
  m_Enabled: 1
  m_EditorHideFlags: 0
  m_Script: {fileID: -765806418, guid: f70555f144d8491a825f0804e09c671c, type: 3}
  m_Name: 
  m_EditorClassIdentifier: 
  m_Material: {fileID: 2100000, guid: a76b1807646ed614eb7fb038074d3712, type: 2}
  m_Color: {r: 1, g: 1, b: 1, a: 1}
  m_RaycastTarget: 1
  m_OnCullStateChanged:
    m_PersistentCalls:
      m_Calls: []
    m_TypeName: UnityEngine.UI.MaskableGraphic+CullStateChangedEvent, UnityEngine.UI,
      Version=1.0.0.0, Culture=neutral, PublicKeyToken=null
  m_Sprite: {fileID: 0}
  m_Type: 1
  m_PreserveAspect: 0
  m_FillCenter: 1
  m_FillMethod: 4
  m_FillAmount: 1
  m_FillClockwise: 1
  m_FillOrigin: 0
  m_UseSpriteMesh: 0
--- !u!114 &3855454636839751252
MonoBehaviour:
  m_ObjectHideFlags: 0
  m_CorrespondingSourceObject: {fileID: 0}
  m_PrefabInstance: {fileID: 0}
  m_PrefabAsset: {fileID: 0}
  m_GameObject: {fileID: 6920934973488515494}
  m_Enabled: 1
  m_EditorHideFlags: 0
  m_Script: {fileID: 1392445389, guid: f70555f144d8491a825f0804e09c671c, type: 3}
  m_Name: 
  m_EditorClassIdentifier: 
  m_Navigation:
    m_Mode: 3
    m_SelectOnUp: {fileID: 0}
    m_SelectOnDown: {fileID: 0}
    m_SelectOnLeft: {fileID: 0}
    m_SelectOnRight: {fileID: 0}
  m_Transition: 1
  m_Colors:
    m_NormalColor: {r: 1, g: 1, b: 1, a: 1}
    m_HighlightedColor: {r: 0.9607843, g: 0.9607843, b: 0.9607843, a: 1}
    m_PressedColor: {r: 0.78431374, g: 0.78431374, b: 0.78431374, a: 1}
    m_DisabledColor: {r: 0.78431374, g: 0.78431374, b: 0.78431374, a: 0.5019608}
    m_ColorMultiplier: 1
    m_FadeDuration: 0.1
  m_SpriteState:
    m_HighlightedSprite: {fileID: 0}
    m_PressedSprite: {fileID: 0}
    m_DisabledSprite: {fileID: 0}
  m_AnimationTriggers:
    m_NormalTrigger: Normal
    m_HighlightedTrigger: Highlighted
    m_PressedTrigger: Pressed
    m_DisabledTrigger: Disabled
  m_Interactable: 1
  m_TargetGraphic: {fileID: 4547428947308826545}
  m_OnClick:
    m_PersistentCalls:
      m_Calls:
      - m_Target: {fileID: 629439461313289265}
        m_MethodName: SetProcedure
        m_Mode: 3
        m_Arguments:
          m_ObjectArgument: {fileID: 0}
          m_ObjectArgumentAssemblyTypeName: UnityEngine.Object, UnityEngine
          m_IntArgument: 1
          m_FloatArgument: 0
          m_StringArgument: 
          m_BoolArgument: 0
        m_CallState: 2
    m_TypeName: UnityEngine.UI.Button+ButtonClickedEvent, UnityEngine.UI, Version=1.0.0.0,
      Culture=neutral, PublicKeyToken=null
--- !u!1001 &6890750261525699529
PrefabInstance:
  m_ObjectHideFlags: 0
  serializedVersion: 2
  m_Modification:
    m_TransformParent: {fileID: 0}
    m_Modifications:
    - target: {fileID: 6277150367173724154, guid: 1ea086dfbd492eb4791e78c1416a6425,
        type: 3}
      propertyPath: m_Name
      value: Lights
      objectReference: {fileID: 0}
    - target: {fileID: 6277150367173724038, guid: 1ea086dfbd492eb4791e78c1416a6425,
        type: 3}
      propertyPath: m_Enabled
      value: 1
      objectReference: {fileID: 0}
    - target: {fileID: 6277150367173724153, guid: 1ea086dfbd492eb4791e78c1416a6425,
        type: 3}
      propertyPath: m_LocalPosition.x
      value: -0.691
      objectReference: {fileID: 0}
    - target: {fileID: 6277150367173724153, guid: 1ea086dfbd492eb4791e78c1416a6425,
        type: 3}
      propertyPath: m_LocalPosition.y
      value: 0.82100034
      objectReference: {fileID: 0}
    - target: {fileID: 6277150367173724153, guid: 1ea086dfbd492eb4791e78c1416a6425,
        type: 3}
      propertyPath: m_LocalPosition.z
      value: 2.006
      objectReference: {fileID: 0}
    - target: {fileID: 6277150367173724153, guid: 1ea086dfbd492eb4791e78c1416a6425,
        type: 3}
      propertyPath: m_LocalRotation.x
      value: -0
      objectReference: {fileID: 0}
    - target: {fileID: 6277150367173724153, guid: 1ea086dfbd492eb4791e78c1416a6425,
        type: 3}
      propertyPath: m_LocalRotation.y
      value: 0
      objectReference: {fileID: 0}
    - target: {fileID: 6277150367173724153, guid: 1ea086dfbd492eb4791e78c1416a6425,
        type: 3}
      propertyPath: m_LocalRotation.z
      value: -0
      objectReference: {fileID: 0}
    - target: {fileID: 6277150367173724153, guid: 1ea086dfbd492eb4791e78c1416a6425,
        type: 3}
      propertyPath: m_LocalRotation.w
      value: 1
      objectReference: {fileID: 0}
    - target: {fileID: 6277150367173724153, guid: 1ea086dfbd492eb4791e78c1416a6425,
        type: 3}
      propertyPath: m_RootOrder
      value: 0
      objectReference: {fileID: 0}
    - target: {fileID: 6277150367173724153, guid: 1ea086dfbd492eb4791e78c1416a6425,
        type: 3}
      propertyPath: m_LocalEulerAnglesHint.x
      value: 90
      objectReference: {fileID: 0}
    - target: {fileID: 6277150367173724153, guid: 1ea086dfbd492eb4791e78c1416a6425,
        type: 3}
      propertyPath: m_LocalEulerAnglesHint.y
      value: 0
      objectReference: {fileID: 0}
    - target: {fileID: 6277150367173724153, guid: 1ea086dfbd492eb4791e78c1416a6425,
        type: 3}
      propertyPath: m_LocalEulerAnglesHint.z
      value: 0
      objectReference: {fileID: 0}
    - target: {fileID: 6277150367173724153, guid: 1ea086dfbd492eb4791e78c1416a6425,
        type: 3}
      propertyPath: m_LocalScale.y
      value: 0.10000003
      objectReference: {fileID: 0}
    - target: {fileID: 6277150367173724153, guid: 1ea086dfbd492eb4791e78c1416a6425,
        type: 3}
      propertyPath: m_LocalScale.z
      value: 0.10000003
      objectReference: {fileID: 0}
    - target: {fileID: 6277150367173724152, guid: 1ea086dfbd492eb4791e78c1416a6425,
        type: 3}
      propertyPath: onSelection.m_PersistentCalls.m_Calls.Array.size
      value: 1
      objectReference: {fileID: 0}
    - target: {fileID: 6277150367173724152, guid: 1ea086dfbd492eb4791e78c1416a6425,
        type: 3}
      propertyPath: onDeselection.m_PersistentCalls.m_Calls.Array.size
      value: 1
      objectReference: {fileID: 0}
    - target: {fileID: 6277150367173724152, guid: 1ea086dfbd492eb4791e78c1416a6425,
        type: 3}
      propertyPath: procedures.Array.size
      value: 2
      objectReference: {fileID: 0}
    - target: {fileID: 6277150367173724152, guid: 1ea086dfbd492eb4791e78c1416a6425,
        type: 3}
      propertyPath: procedures.Array.data[1].OnSelection.m_PersistentCalls.m_Calls.Array.size
      value: 2
      objectReference: {fileID: 0}
    - target: {fileID: 6277150367173724152, guid: 1ea086dfbd492eb4791e78c1416a6425,
        type: 3}
      propertyPath: procedures.Array.data[1].OnDeselection.m_PersistentCalls.m_Calls.Array.size
      value: 2
      objectReference: {fileID: 0}
    - target: {fileID: 6277150367173724152, guid: 1ea086dfbd492eb4791e78c1416a6425,
        type: 3}
      propertyPath: onSelection.m_PersistentCalls.m_Calls.Array.data[0].m_MethodName
      value: SetHighLighted
      objectReference: {fileID: 0}
    - target: {fileID: 6277150367173724152, guid: 1ea086dfbd492eb4791e78c1416a6425,
        type: 3}
      propertyPath: onSelection.m_PersistentCalls.m_Calls.Array.data[0].m_Mode
      value: 1
      objectReference: {fileID: 0}
    - target: {fileID: 6277150367173724152, guid: 1ea086dfbd492eb4791e78c1416a6425,
        type: 3}
      propertyPath: onSelection.m_PersistentCalls.m_Calls.Array.data[0].m_Arguments.m_ObjectArgumentAssemblyTypeName
      value: UnityEngine.Object, UnityEngine
      objectReference: {fileID: 0}
    - target: {fileID: 6277150367173724152, guid: 1ea086dfbd492eb4791e78c1416a6425,
        type: 3}
      propertyPath: onSelection.m_PersistentCalls.m_Calls.Array.data[0].m_Arguments.m_BoolArgument
      value: 1
      objectReference: {fileID: 0}
    - target: {fileID: 6277150367173724152, guid: 1ea086dfbd492eb4791e78c1416a6425,
        type: 3}
      propertyPath: onSelection.m_PersistentCalls.m_Calls.Array.data[0].m_CallState
      value: 2
      objectReference: {fileID: 0}
    - target: {fileID: 6277150367173724152, guid: 1ea086dfbd492eb4791e78c1416a6425,
        type: 3}
      propertyPath: onDeselection.m_PersistentCalls.m_Calls.Array.data[0].m_MethodName
      value: CloseHighlight
      objectReference: {fileID: 0}
    - target: {fileID: 6277150367173724152, guid: 1ea086dfbd492eb4791e78c1416a6425,
        type: 3}
      propertyPath: onDeselection.m_PersistentCalls.m_Calls.Array.data[0].m_Mode
      value: 1
      objectReference: {fileID: 0}
    - target: {fileID: 6277150367173724152, guid: 1ea086dfbd492eb4791e78c1416a6425,
        type: 3}
      propertyPath: onDeselection.m_PersistentCalls.m_Calls.Array.data[0].m_Arguments.m_ObjectArgumentAssemblyTypeName
      value: UnityEngine.Object, UnityEngine
      objectReference: {fileID: 0}
    - target: {fileID: 6277150367173724152, guid: 1ea086dfbd492eb4791e78c1416a6425,
        type: 3}
      propertyPath: onDeselection.m_PersistentCalls.m_Calls.Array.data[0].m_CallState
      value: 2
      objectReference: {fileID: 0}
    - target: {fileID: 6277150367173724152, guid: 1ea086dfbd492eb4791e78c1416a6425,
        type: 3}
      propertyPath: procedures.Array.data[0].procedureID
      value: Bulb Replacement
      objectReference: {fileID: 0}
    - target: {fileID: 6277150367173724152, guid: 1ea086dfbd492eb4791e78c1416a6425,
        type: 3}
      propertyPath: procedures.Array.data[0].htmlFile
      value: 
      objectReference: {fileID: 4900000, guid: fcdbc347e302fd844a30d80f16a6cfda, type: 3}
    - target: {fileID: 6277150367173724152, guid: 1ea086dfbd492eb4791e78c1416a6425,
        type: 3}
      propertyPath: procedures.Array.data[0].OnSelection.m_TypeName
      value: UnityEngine.Events.UnityEvent, UnityEngine.CoreModule, Version=0.0.0.0,
        Culture=neutral, PublicKeyToken=null
      objectReference: {fileID: 0}
    - target: {fileID: 6277150367173724152, guid: 1ea086dfbd492eb4791e78c1416a6425,
        type: 3}
      propertyPath: procedures.Array.data[0].OnDeselection.m_TypeName
      value: UnityEngine.Events.UnityEvent, UnityEngine.CoreModule, Version=0.0.0.0,
        Culture=neutral, PublicKeyToken=null
      objectReference: {fileID: 0}
    - target: {fileID: 6277150367173724152, guid: 1ea086dfbd492eb4791e78c1416a6425,
        type: 3}
      propertyPath: procedures.Array.data[1].procedureID
      value: Side turn lights
      objectReference: {fileID: 0}
    - target: {fileID: 6277150367173724152, guid: 1ea086dfbd492eb4791e78c1416a6425,
        type: 3}
      propertyPath: procedures.Array.data[1].htmlFile
      value: 
      objectReference: {fileID: 4900000, guid: 3d0839645460359459cee3863bbea0f7, type: 3}
    - target: {fileID: 6277150367173724152, guid: 1ea086dfbd492eb4791e78c1416a6425,
        type: 3}
      propertyPath: procedures.Array.data[1].OnSelection.m_PersistentCalls.m_Calls.Array.data[0].m_MethodName
      value: SetActive
      objectReference: {fileID: 0}
    - target: {fileID: 6277150367173724152, guid: 1ea086dfbd492eb4791e78c1416a6425,
        type: 3}
      propertyPath: procedures.Array.data[1].OnSelection.m_PersistentCalls.m_Calls.Array.data[0].m_Mode
      value: 6
      objectReference: {fileID: 0}
    - target: {fileID: 6277150367173724152, guid: 1ea086dfbd492eb4791e78c1416a6425,
        type: 3}
      propertyPath: procedures.Array.data[1].OnSelection.m_PersistentCalls.m_Calls.Array.data[0].m_Arguments.m_ObjectArgumentAssemblyTypeName
      value: UnityEngine.Object, UnityEngine
      objectReference: {fileID: 0}
    - target: {fileID: 6277150367173724152, guid: 1ea086dfbd492eb4791e78c1416a6425,
        type: 3}
      propertyPath: procedures.Array.data[1].OnSelection.m_PersistentCalls.m_Calls.Array.data[0].m_Arguments.m_BoolArgument
      value: 1
      objectReference: {fileID: 0}
    - target: {fileID: 6277150367173724152, guid: 1ea086dfbd492eb4791e78c1416a6425,
        type: 3}
      propertyPath: procedures.Array.data[1].OnSelection.m_PersistentCalls.m_Calls.Array.data[0].m_CallState
      value: 2
      objectReference: {fileID: 0}
    - target: {fileID: 6277150367173724152, guid: 1ea086dfbd492eb4791e78c1416a6425,
        type: 3}
      propertyPath: procedures.Array.data[1].OnSelection.m_PersistentCalls.m_Calls.Array.data[1].m_MethodName
      value: Toggle
      objectReference: {fileID: 0}
    - target: {fileID: 6277150367173724152, guid: 1ea086dfbd492eb4791e78c1416a6425,
        type: 3}
      propertyPath: procedures.Array.data[1].OnSelection.m_PersistentCalls.m_Calls.Array.data[1].m_Mode
      value: 6
      objectReference: {fileID: 0}
    - target: {fileID: 6277150367173724152, guid: 1ea086dfbd492eb4791e78c1416a6425,
        type: 3}
      propertyPath: procedures.Array.data[1].OnSelection.m_PersistentCalls.m_Calls.Array.data[1].m_Arguments.m_ObjectArgumentAssemblyTypeName
      value: UnityEngine.Object, UnityEngine
      objectReference: {fileID: 0}
    - target: {fileID: 6277150367173724152, guid: 1ea086dfbd492eb4791e78c1416a6425,
        type: 3}
      propertyPath: procedures.Array.data[1].OnSelection.m_PersistentCalls.m_Calls.Array.data[1].m_Arguments.m_BoolArgument
      value: 1
      objectReference: {fileID: 0}
    - target: {fileID: 6277150367173724152, guid: 1ea086dfbd492eb4791e78c1416a6425,
        type: 3}
      propertyPath: procedures.Array.data[1].OnSelection.m_PersistentCalls.m_Calls.Array.data[1].m_CallState
      value: 2
      objectReference: {fileID: 0}
    - target: {fileID: 6277150367173724152, guid: 1ea086dfbd492eb4791e78c1416a6425,
        type: 3}
      propertyPath: procedures.Array.data[1].OnSelection.m_TypeName
      value: UnityEngine.Events.UnityEvent, UnityEngine.CoreModule, Version=0.0.0.0,
        Culture=neutral, PublicKeyToken=null
      objectReference: {fileID: 0}
    - target: {fileID: 6277150367173724152, guid: 1ea086dfbd492eb4791e78c1416a6425,
        type: 3}
      propertyPath: procedures.Array.data[1].OnDeselection.m_PersistentCalls.m_Calls.Array.data[0].m_MethodName
      value: SetActive
      objectReference: {fileID: 0}
    - target: {fileID: 6277150367173724152, guid: 1ea086dfbd492eb4791e78c1416a6425,
        type: 3}
      propertyPath: procedures.Array.data[1].OnDeselection.m_PersistentCalls.m_Calls.Array.data[0].m_Mode
      value: 6
      objectReference: {fileID: 0}
    - target: {fileID: 6277150367173724152, guid: 1ea086dfbd492eb4791e78c1416a6425,
        type: 3}
      propertyPath: procedures.Array.data[1].OnDeselection.m_PersistentCalls.m_Calls.Array.data[0].m_Arguments.m_ObjectArgumentAssemblyTypeName
      value: UnityEngine.Object, UnityEngine
      objectReference: {fileID: 0}
    - target: {fileID: 6277150367173724152, guid: 1ea086dfbd492eb4791e78c1416a6425,
        type: 3}
      propertyPath: procedures.Array.data[1].OnDeselection.m_PersistentCalls.m_Calls.Array.data[0].m_CallState
      value: 2
      objectReference: {fileID: 0}
    - target: {fileID: 6277150367173724152, guid: 1ea086dfbd492eb4791e78c1416a6425,
        type: 3}
      propertyPath: procedures.Array.data[1].OnDeselection.m_PersistentCalls.m_Calls.Array.data[1].m_MethodName
      value: Toggle
      objectReference: {fileID: 0}
    - target: {fileID: 6277150367173724152, guid: 1ea086dfbd492eb4791e78c1416a6425,
        type: 3}
      propertyPath: procedures.Array.data[1].OnDeselection.m_PersistentCalls.m_Calls.Array.data[1].m_Mode
      value: 6
      objectReference: {fileID: 0}
    - target: {fileID: 6277150367173724152, guid: 1ea086dfbd492eb4791e78c1416a6425,
        type: 3}
      propertyPath: procedures.Array.data[1].OnDeselection.m_PersistentCalls.m_Calls.Array.data[1].m_Arguments.m_ObjectArgumentAssemblyTypeName
      value: UnityEngine.Object, UnityEngine
      objectReference: {fileID: 0}
    - target: {fileID: 6277150367173724152, guid: 1ea086dfbd492eb4791e78c1416a6425,
        type: 3}
      propertyPath: procedures.Array.data[1].OnDeselection.m_PersistentCalls.m_Calls.Array.data[1].m_CallState
      value: 2
      objectReference: {fileID: 0}
    - target: {fileID: 6277150367173724152, guid: 1ea086dfbd492eb4791e78c1416a6425,
        type: 3}
      propertyPath: procedures.Array.data[1].OnDeselection.m_TypeName
      value: UnityEngine.Events.UnityEvent, UnityEngine.CoreModule, Version=0.0.0.0,
        Culture=neutral, PublicKeyToken=null
      objectReference: {fileID: 0}
    - target: {fileID: 6713995399883484501, guid: 1ea086dfbd492eb4791e78c1416a6425,
        type: 3}
      propertyPath: m_LocalPosition.z
      value: -0
      objectReference: {fileID: 0}
    - target: {fileID: 6713995399883484501, guid: 1ea086dfbd492eb4791e78c1416a6425,
        type: 3}
      propertyPath: m_AnchoredPosition.x
      value: 18.15
      objectReference: {fileID: 0}
    - target: {fileID: 6713995399883484501, guid: 1ea086dfbd492eb4791e78c1416a6425,
        type: 3}
      propertyPath: m_AnchoredPosition.y
      value: -35.02
      objectReference: {fileID: 0}
    - target: {fileID: 6713995399883484501, guid: 1ea086dfbd492eb4791e78c1416a6425,
        type: 3}
      propertyPath: m_SizeDelta.x
      value: 26.3
      objectReference: {fileID: 0}
    - target: {fileID: 1421720910590703908, guid: 1ea086dfbd492eb4791e78c1416a6425,
        type: 3}
      propertyPath: m_AnchoredPosition.x
      value: -0.10999966
      objectReference: {fileID: 0}
    - target: {fileID: 1421720910590703908, guid: 1ea086dfbd492eb4791e78c1416a6425,
        type: 3}
      propertyPath: m_SizeDelta.x
      value: -1.8999999
      objectReference: {fileID: 0}
    - target: {fileID: 158854440740736821, guid: 1ea086dfbd492eb4791e78c1416a6425,
        type: 3}
      propertyPath: m_text
      value: Lights
      objectReference: {fileID: 0}
    - target: {fileID: 158854440740736821, guid: 1ea086dfbd492eb4791e78c1416a6425,
        type: 3}
      propertyPath: m_textInfo.characterCount
      value: 6
      objectReference: {fileID: 0}
    - target: {fileID: 3974647770048730226, guid: 1ea086dfbd492eb4791e78c1416a6425,
        type: 3}
      propertyPath: m_OnClick.m_PersistentCalls.m_Calls.Array.size
      value: 1
      objectReference: {fileID: 0}
    - target: {fileID: 3974647770048730226, guid: 1ea086dfbd492eb4791e78c1416a6425,
        type: 3}
      propertyPath: m_OnClick.m_PersistentCalls.m_Calls.Array.data[0].m_Target
      value: 
      objectReference: {fileID: 629439461313289265}
    - target: {fileID: 3974647770048730226, guid: 1ea086dfbd492eb4791e78c1416a6425,
        type: 3}
      propertyPath: m_OnClick.m_PersistentCalls.m_Calls.Array.data[0].m_MethodName
      value: SetProcedure
      objectReference: {fileID: 0}
    - target: {fileID: 3974647770048730226, guid: 1ea086dfbd492eb4791e78c1416a6425,
        type: 3}
      propertyPath: m_OnClick.m_PersistentCalls.m_Calls.Array.data[0].m_Mode
      value: 3
      objectReference: {fileID: 0}
    - target: {fileID: 3974647770048730226, guid: 1ea086dfbd492eb4791e78c1416a6425,
        type: 3}
      propertyPath: m_OnClick.m_PersistentCalls.m_Calls.Array.data[0].m_Arguments.m_ObjectArgumentAssemblyTypeName
      value: UnityEngine.Object, UnityEngine
      objectReference: {fileID: 0}
    - target: {fileID: 3974647770048730226, guid: 1ea086dfbd492eb4791e78c1416a6425,
        type: 3}
      propertyPath: m_OnClick.m_PersistentCalls.m_Calls.Array.data[0].m_CallState
      value: 2
      objectReference: {fileID: 0}
    - target: {fileID: 8081266573133607896, guid: 1ea086dfbd492eb4791e78c1416a6425,
        type: 3}
      propertyPath: m_text
      value: Bulb replacement
      objectReference: {fileID: 0}
    - target: {fileID: 8081266573133607896, guid: 1ea086dfbd492eb4791e78c1416a6425,
        type: 3}
      propertyPath: m_fontSize
      value: 4.6
      objectReference: {fileID: 0}
    - target: {fileID: 8081266573133607896, guid: 1ea086dfbd492eb4791e78c1416a6425,
        type: 3}
      propertyPath: m_fontSizeBase
      value: 4.6
      objectReference: {fileID: 0}
    - target: {fileID: 8081266573133607896, guid: 1ea086dfbd492eb4791e78c1416a6425,
        type: 3}
      propertyPath: m_enableAutoSizing
      value: 0
      objectReference: {fileID: 0}
    - target: {fileID: 8081266573133607896, guid: 1ea086dfbd492eb4791e78c1416a6425,
        type: 3}
      propertyPath: m_textInfo.characterCount
      value: 16
      objectReference: {fileID: 0}
    - target: {fileID: 8081266573133607896, guid: 1ea086dfbd492eb4791e78c1416a6425,
        type: 3}
      propertyPath: m_textInfo.spaceCount
      value: 1
      objectReference: {fileID: 0}
    - target: {fileID: 8081266573133607896, guid: 1ea086dfbd492eb4791e78c1416a6425,
        type: 3}
      propertyPath: m_textInfo.wordCount
      value: 2
      objectReference: {fileID: 0}
    - target: {fileID: 8081266573133607896, guid: 1ea086dfbd492eb4791e78c1416a6425,
        type: 3}
      propertyPath: m_textInfo.lineCount
      value: 2
      objectReference: {fileID: 0}
    m_RemovedComponents: []
  m_SourcePrefab: {fileID: 100100000, guid: 1ea086dfbd492eb4791e78c1416a6425, type: 3}
--- !u!114 &629439461313289265 stripped
MonoBehaviour:
  m_CorrespondingSourceObject: {fileID: 6277150367173724152, guid: 1ea086dfbd492eb4791e78c1416a6425,
    type: 3}
  m_PrefabInstance: {fileID: 6890750261525699529}
  m_PrefabAsset: {fileID: 0}
  m_GameObject: {fileID: 0}
  m_Enabled: 1
  m_EditorHideFlags: 0
  m_Script: {fileID: 11500000, guid: 74a5214f3a0803d438403b09262e7f1c, type: 3}
  m_Name: 
  m_EditorClassIdentifier: 
--- !u!224 &380379940431501149 stripped
RectTransform:
  m_CorrespondingSourceObject: {fileID: 6550412338543053972, guid: 1ea086dfbd492eb4791e78c1416a6425,
    type: 3}
  m_PrefabInstance: {fileID: 6890750261525699529}
  m_PrefabAsset: {fileID: 0}
